<?xml version = "1.0" encoding = "UTF-8"?><record>
  <leader>00734nam#a2200217#cc4500</leader>
  <controlfield tag="005">20210110020320.0</controlfield>
  <controlfield tag="008">980404|1921####xx############|||#|#####c</controlfield>
  <controlfield tag="001">990085868910206441</controlfield>
  <datafield tag="016" ind1="7" ind2=" ">
    <subfield code="a">1046400155</subfield>
    <subfield code="2">OCoLC</subfield>
  </datafield>
  <datafield tag="035" ind1=" " ind2=" ">
    <subfield code="a">(DE-605)HT008340209</subfield>
  </datafield>
  <datafield tag="035" ind1=" " ind2=" ">
    <subfield code="a">(OCoLC)1046400155</subfield>
    <subfield code="0">(uri) http://www.worldcat.org/oclc/1046400155</subfield>
  </datafield>
  <datafield tag="040" ind1=" " ind2=" ">
    <subfield code="a">HBZ/Off</subfield>
    <subfield code="b">ger</subfield>
    <subfield code="d">290</subfield>
    <subfield code="e">rakwb</subfield>
  </datafield>
  <datafield tag="100" ind1="1" ind2=" ">
    <subfield code="a">Chamisso, Adelbert &lt;&lt;von&gt;&gt;</subfield>
    <subfield code="d">1781-1838</subfield>
    <subfield code="0">(DE-588)118520040</subfield>
    <subfield code="4">aut</subfield>
    <subfield code="9">O:H</subfield>
  </datafield>
  <datafield tag="245" ind1="1" ind2="0">
    <subfield code="a">Chamissos Werke</subfield>
    <subfield code="n">4</subfield>
    <subfield code="p">Reise um die Welt</subfield>
    <subfield code="c">mit e. Einl. von Adolf Bartels</subfield>
  </datafield>
  <datafield tag="250" ind1=" " ind2=" ">
    <subfield code="a">Vollst. Ausg. in 4 B&#228;nden</subfield>
  </datafield>
  <datafield tag="264" ind1=" " ind2="1">
    <subfield code="a">Leipzig</subfield>
    <subfield code="b">Hesse &amp; Becker</subfield>
    <subfield code="c">[1921]</subfield>
  </datafield>
  <datafield tag="300" ind1=" " ind2=" ">
    <subfield code="a">228 S.</subfield>
  </datafield>
  <datafield tag="700" ind1="1" ind2=" ">
    <subfield code="a">Bartels, Adolf</subfield>
    <subfield code="d">1862-1945</subfield>
    <subfield code="0">(DE-588)118652702</subfield>
    <subfield code="4">oth</subfield>
    <subfield code="9">O:H</subfield>
    <subfield code="0">(uri) https://portal.dnb.de/opac.htm?method=simpleSearch&amp;cqlMode=true&amp;query=idn=118652702</subfield>
    <subfield code="0">(uri) http://viaf.org/viaf/sourceID/DNB|118652702</subfield>
  </datafield>
  <datafield tag="773" ind1="0" ind2="8">
    <subfield code="w">(DE-605)HT008297709</subfield>
    <subfield code="q">4</subfield>
  </datafield>
  <datafield tag="960" ind1="1" ind2=" ">
    <subfield code="o">retro</subfield>
  </datafield>
  <datafield tag="964" ind1="0" ind2="s">
    <subfield code="F">030</subfield>
    <subfield code="A">e|1uc||||||||</subfield>
  </datafield>
  <datafield tag="MBD" ind1=" " ind2=" ">
    <subfield code="M">49HBZ_NETWORK</subfield>
    <subfield code="i">990085868910206441</subfield>
    <subfield code="n">HBZ Network</subfield>
  </datafield>
  <datafield tag="MBD" ind1=" " ind2=" ">
    <subfield code="M">49HBZ_UBD</subfield>
    <subfield code="i">991007657369706445</subfield>
    <subfield code="n">Technische Universit&#228;t Dortmund</subfield>
  </datafield>
  <datafield tag="100" ind1="1" ind2=" ">
    <subfield code="a">Chamisso, Adelbert &lt;&lt;von&gt;&gt;</subfield>
    <subfield code="d">1781-1838</subfield>
    <subfield code="0">(DE-588)118520040</subfield>
    <subfield code="4">aut</subfield>
    <subfield code="9">O:H</subfield>
    <subfield code="M">49HBZ_UBD</subfield>
  </datafield>
  <datafield tag="700" ind1="1" ind2=" ">
    <subfield code="a">Bartels, Adolf</subfield>
    <subfield code="d">1862-1945</subfield>
    <subfield code="0">(DE-588)118652702</subfield>
    <subfield code="4">oth</subfield>
    <subfield code="9">O:H</subfield>
    <subfield code="M">49HBZ_UBD</subfield>
  </datafield>
  <datafield tag="773" ind1="1" ind2="8">
    <subfield code="9">LOCAL</subfield>
    <subfield code="g">no:528188</subfield>
    <subfield code="p">AngebundenAn</subfield>
    <subfield code="t">Reise um die Welt</subfield>
    <subfield code="w">(SISIS)982921</subfield>
    <subfield code="M">49HBZ_UBD</subfield>
  </datafield>
  <datafield tag="980" ind1="1" ind2=" ">
    <subfield code="e">HBZ</subfield>
    <subfield code="9">LOCAL</subfield>
    <subfield code="M">49HBZ_UBD</subfield>
  </datafield>
  <datafield tag="981" ind1=" " ind2=" ">
    <subfield code="a">(DE-290)982922</subfield>
    <subfield code="9">LOCAL</subfield>
    <subfield code="M">49HBZ_UBD</subfield>
  </datafield>
  <datafield tag="997" ind1=" " ind2=" ">
    <subfield code="a">20020723</subfield>
    <subfield code="9">LOCAL</subfield>
    <subfield code="M">49HBZ_UBD</subfield>
  </datafield>
  <datafield tag="MNG" ind1=" " ind2=" ">
    <subfield code="c">System</subfield>
    <subfield code="f">ILS</subfield>
    <subfield code="i">marc21</subfield>
    <subfield code="k">01</subfield>
    <subfield code="e">false</subfield>
    <subfield code="d">2021-01-10 02:03:20 Europe/Berlin</subfield>
    <subfield code="g">008586891-HBZ01</subfield>
    <subfield code="j">60</subfield>
    <subfield code="a">import</subfield>
    <subfield code="b">2020-11-22 17:44:15 Europe/Berlin</subfield>
  </datafield>
  <datafield tag="GPN" ind1="1" ind2=" ">
    <subfield code="a">Chamisso, Adelbert &lt;&lt;di&gt;&gt;</subfield>
    <subfield code="d">1781-1838</subfield>
    <subfield code="A">GND</subfield>
    <subfield code="B">GND-118520040</subfield>
    <subfield code="C">400</subfield>
  </datafield>
  <datafield tag="GPN" ind1="1" ind2=" ">
    <subfield code="a">Chamissot de Boncourt, Louis Charles Ade&#769;lai&#776;de &lt;&lt;de&gt;&gt;</subfield>
    <subfield code="d">1781-1838</subfield>
    <subfield code="4">nawi</subfield>
    <subfield code="4">http://d-nb.info/standards/elementset/gnd#realIdentity</subfield>
    <subfield code="w">r</subfield>
    <subfield code="i">Wirklicher Name</subfield>
    <subfield code="e">Wirklicher Name</subfield>
    <subfield code="A">GND</subfield>
    <subfield code="B">GND-118520040</subfield>
    <subfield code="C">400</subfield>
  </datafield>
  <datafield tag="GPN" ind1="1" ind2=" ">
    <subfield code="a">Chamisso, Adelbert &lt;&lt;v.&gt;&gt;</subfield>
    <subfield code="d">1781-1838</subfield>
    <subfield code="A">GND</subfield>
    <subfield code="B">GND-118520040</subfield>
    <subfield code="C">400</subfield>
  </datafield>
  <datafield tag="GPN" ind1="1" ind2=" ">
    <subfield code="a">Chamisso, Adelbert</subfield>
    <subfield code="d">1781-1838</subfield>
    <subfield code="A">GND</subfield>
    <subfield code="B">GND-118520040</subfield>
    <subfield code="C">400</subfield>
  </datafield>
  <datafield tag="GPN" ind1="1" ind2=" ">
    <subfield code="a">Chamisso, Adelberto &lt;&lt;de&gt;&gt;</subfield>
    <subfield code="d">1781-1838</subfield>
    <subfield code="A">GND</subfield>
    <subfield code="B">GND-118520040</subfield>
    <subfield code="C">400</subfield>
  </datafield>
  <datafield tag="GPN" ind1="1" ind2=" ">
    <subfield code="a">Chamisso, Adalbert &lt;&lt;v.&gt;&gt;</subfield>
    <subfield code="d">1781-1838</subfield>
    <subfield code="A">GND</subfield>
    <subfield code="B">GND-118520040</subfield>
    <subfield code="C">400</subfield>
  </datafield>
  <datafield tag="GPN" ind1="1" ind2=" ">
    <subfield code="a">Chamisso, Adalbert &lt;&lt;de&gt;&gt;</subfield>
    <subfield code="d">1781-1838</subfield>
    <subfield code="A">GND</subfield>
    <subfield code="B">GND-118520040</subfield>
    <subfield code="C">400</subfield>
  </datafield>
  <datafield tag="GPN" ind1="1" ind2=" ">
    <subfield code="a">Chamisso, Adalbert</subfield>
    <subfield code="d">1781-1838</subfield>
    <subfield code="A">GND</subfield>
    <subfield code="B">GND-118520040</subfield>
    <subfield code="C">400</subfield>
  </datafield>
  <datafield tag="GPN" ind1="1" ind2=" ">
    <subfield code="a">Chamisso, A. &lt;&lt;v.&gt;&gt;</subfield>
    <subfield code="d">1781-1838</subfield>
    <subfield code="A">GND</subfield>
    <subfield code="B">GND-118520040</subfield>
    <subfield code="C">400</subfield>
  </datafield>
  <datafield tag="GPN" ind1="1" ind2=" ">
    <subfield code="a">Chamisso, A. &lt;&lt;de&gt;&gt;</subfield>
    <subfield code="d">1781-1838</subfield>
    <subfield code="A">GND</subfield>
    <subfield code="B">GND-118520040</subfield>
    <subfield code="C">400</subfield>
  </datafield>
  <datafield tag="GPN" ind1="0" ind2=" ">
    <subfield code="a">Chamisso</subfield>
    <subfield code="d">1781-1838</subfield>
    <subfield code="A">GND</subfield>
    <subfield code="B">GND-118520040</subfield>
    <subfield code="C">400</subfield>
  </datafield>
  <datafield tag="GPN" ind1="1" ind2=" ">
    <subfield code="a">Chamisso de Boncourt, Louis Charles Ade&#769;lai&#776;de &lt;&lt;de&gt;&gt;</subfield>
    <subfield code="d">1781-1838</subfield>
    <subfield code="4">nawi</subfield>
    <subfield code="4">http://d-nb.info/standards/elementset/gnd#realIdentity</subfield>
    <subfield code="w">r</subfield>
    <subfield code="i">Wirklicher Name</subfield>
    <subfield code="e">Wirklicher Name</subfield>
    <subfield code="A">GND</subfield>
    <subfield code="B">GND-118520040</subfield>
    <subfield code="C">400</subfield>
  </datafield>
  <datafield tag="GPN" ind1="1" ind2=" ">
    <subfield code="a">Chamisso de Boncourt, Louis C. &lt;&lt;de&gt;&gt;</subfield>
    <subfield code="d">1781-1838</subfield>
    <subfield code="A">GND</subfield>
    <subfield code="B">GND-118520040</subfield>
    <subfield code="C">400</subfield>
  </datafield>
  <datafield tag="GPN" ind1="1" ind2=" ">
    <subfield code="a">S&#780;amiso, Adelbert &lt;&lt;fon&gt;&gt;</subfield>
    <subfield code="d">1781-1838</subfield>
    <subfield code="A">GND</subfield>
    <subfield code="B">GND-118520040</subfield>
    <subfield code="C">400</subfield>
  </datafield>
  <datafield tag="GPN" ind1="1" ind2=" ">
    <subfield code="a">S&#780;amiso, Adelbert</subfield>
    <subfield code="d">1781-1838</subfield>
    <subfield code="A">GND</subfield>
    <subfield code="B">GND-118520040</subfield>
    <subfield code="C">400</subfield>
  </datafield>
  <datafield tag="GPN" ind1="0" ind2=" ">
    <subfield code="a">S&#780;amiso</subfield>
    <subfield code="d">1781-1838</subfield>
    <subfield code="A">GND</subfield>
    <subfield code="B">GND-118520040</subfield>
    <subfield code="C">400</subfield>
  </datafield>
  <datafield tag="GPN" ind1="1" ind2=" ">
    <subfield code="a">Samiso, Antalmper &lt;&lt;phon&gt;&gt;</subfield>
    <subfield code="d">1781-1838</subfield>
    <subfield code="A">GND</subfield>
    <subfield code="B">GND-118520040</subfield>
    <subfield code="C">400</subfield>
  </datafield>
  <datafield tag="GPN" ind1="1" ind2=" ">
    <subfield code="a">S&#780;amisso, Adel&#697;bert</subfield>
    <subfield code="d">1781-1838</subfield>
    <subfield code="A">GND</subfield>
    <subfield code="B">GND-118520040</subfield>
    <subfield code="C">400</subfield>
  </datafield>
  <datafield tag="GPN" ind1="0" ind2=" ">
    <subfield code="a">Shamisso&#770;</subfield>
    <subfield code="d">1781-1838</subfield>
    <subfield code="A">GND</subfield>
    <subfield code="B">GND-118520040</subfield>
    <subfield code="C">400</subfield>
  </datafield>
  <datafield tag="GPN" ind1="1" ind2=" ">
    <subfield code="a">Chamisso, L. A. &lt;&lt;von&gt;&gt;</subfield>
    <subfield code="d">1781-1838</subfield>
    <subfield code="A">GND</subfield>
    <subfield code="B">GND-118520040</subfield>
    <subfield code="C">400</subfield>
  </datafield>
  <datafield tag="GPN" ind1="1" ind2=" ">
    <subfield code="a">Chamisso, Louis C.</subfield>
    <subfield code="d">1781-1838</subfield>
    <subfield code="A">GND</subfield>
    <subfield code="B">GND-118520040</subfield>
    <subfield code="C">400</subfield>
  </datafield>
  <datafield tag="GPN" ind1="1" ind2=" ">
    <subfield code="a">Ch., A. &lt;&lt;v.&gt;&gt;</subfield>
    <subfield code="d">1781-1838</subfield>
    <subfield code="A">GND</subfield>
    <subfield code="B">GND-118520040</subfield>
    <subfield code="C">400</subfield>
  </datafield>
  <datafield tag="GPN" ind1="1" ind2=" ">
    <subfield code="a">Chamisso, Louis Charles Adelaide &lt;&lt;von&gt;&gt;</subfield>
    <subfield code="d">1781-1838</subfield>
    <subfield code="A">GND</subfield>
    <subfield code="B">GND-118520040</subfield>
    <subfield code="C">400</subfield>
  </datafield>
  <datafield tag="GPN" ind1="1" ind2=" ">
    <subfield code="a">Chamisso, Adalb. &lt;&lt;v.&gt;&gt;</subfield>
    <subfield code="d">1781-1838</subfield>
    <subfield code="A">GND</subfield>
    <subfield code="B">GND-118520040</subfield>
    <subfield code="C">400</subfield>
  </datafield>
  <datafield tag="GPN" ind1="1" ind2=" ">
    <subfield code="a">Chamisso de Boncourt, Ludwig C. A.</subfield>
    <subfield code="d">1781-1838</subfield>
    <subfield code="A">GND</subfield>
    <subfield code="B">GND-118520040</subfield>
    <subfield code="C">400</subfield>
  </datafield>
  <datafield tag="GPN" ind1="1" ind2=" ">
    <subfield code="a">Chamisso, Adelbert &lt;&lt;de&gt;&gt;</subfield>
    <subfield code="d">1781-1838</subfield>
    <subfield code="A">GND</subfield>
    <subfield code="B">GND-118520040</subfield>
    <subfield code="C">400</subfield>
  </datafield>
  <datafield tag="GPN" ind1="1" ind2=" ">
    <subfield code="a">Chamisso, Adelbertus &lt;&lt;de&gt;&gt;</subfield>
    <subfield code="d">1781-1838</subfield>
    <subfield code="A">GND</subfield>
    <subfield code="B">GND-118520040</subfield>
    <subfield code="C">400</subfield>
  </datafield>
  <datafield tag="GPN" ind1="1" ind2=" ">
    <subfield code="a">S&#780;a&#772;mi&#772;su&#772;, Adilbirt &lt;&lt;fun&gt;&gt;</subfield>
    <subfield code="d">1781-1838</subfield>
    <subfield code="A">GND</subfield>
    <subfield code="B">GND-118520040</subfield>
    <subfield code="C">400</subfield>
  </datafield>
  <datafield tag="GPN" ind1="1" ind2=" ">
    <subfield code="a">Chamisso, Adalbert &lt;&lt;von&gt;&gt;</subfield>
    <subfield code="d">1781-1838</subfield>
    <subfield code="A">GND</subfield>
    <subfield code="B">GND-118520040</subfield>
    <subfield code="C">400</subfield>
  </datafield>
  <datafield tag="GPN" ind1="1" ind2=" ">
    <subfield code="a">Chamisso, Louis Charles Adelaide &lt;&lt;de&gt;&gt;</subfield>
    <subfield code="d">1781-1838</subfield>
    <subfield code="A">GND</subfield>
    <subfield code="B">GND-118520040</subfield>
    <subfield code="C">400</subfield>
  </datafield>
  <datafield tag="GPN" ind1="1" ind2=" ">
    <subfield code="a">Chamisso de Boncourt, Louis Charles Ade&#769;laide &lt;&lt;de&gt;&gt;</subfield>
    <subfield code="d">1781-1838</subfield>
    <subfield code="A">GND</subfield>
    <subfield code="B">GND-118520040</subfield>
    <subfield code="C">400</subfield>
  </datafield>
  <datafield tag="GPN" ind1="1" ind2=" ">
    <subfield code="a">Shamiso, Adelbert</subfield>
    <subfield code="d">1781-1838</subfield>
    <subfield code="A">GND</subfield>
    <subfield code="B">GND-118520040</subfield>
    <subfield code="C">400</subfield>
  </datafield>
  <datafield tag="GPN" ind1="1" ind2=" ">
    <subfield code="a">Chamisso, Louis Charles Ade&#769;laide &lt;&lt;de&gt;&gt;</subfield>
    <subfield code="d">1781-1838</subfield>
    <subfield code="A">GND</subfield>
    <subfield code="B">GND-118520040</subfield>
    <subfield code="C">400</subfield>
  </datafield>
  <datafield tag="GPN" ind1="1" ind2=" ">
    <subfield code="a">S&#780;amisso, Adel&#697;bert &lt;&lt;fon&gt;&gt;</subfield>
    <subfield code="d">1781-1838</subfield>
    <subfield code="A">GND</subfield>
    <subfield code="B">GND-118520040</subfield>
    <subfield code="C">400</subfield>
  </datafield>
  <datafield tag="GPN" ind1="1" ind2=" ">
    <subfield code="a">Boncourt, Louis Charles Ade&#180;laide de Chamisso de</subfield>
    <subfield code="d">1781-1838</subfield>
    <subfield code="A">GND</subfield>
    <subfield code="B">GND-118520040</subfield>
    <subfield code="C">400</subfield>
  </datafield>
  <datafield tag="GPN" ind1="1" ind2=" ">
    <subfield code="a">Von Chamisso, Adelbert</subfield>
    <subfield code="d">1781-1838</subfield>
    <subfield code="A">GND</subfield>
    <subfield code="B">GND-118520040</subfield>
    <subfield code="C">400</subfield>
  </datafield>
  <datafield tag="GPN" ind1="1" ind2=" ">
    <subfield code="a">Von Shamisso, Adal&apos;bert</subfield>
    <subfield code="d">1781-1838</subfield>
    <subfield code="A">GND</subfield>
    <subfield code="B">GND-118520040</subfield>
    <subfield code="C">400</subfield>
  </datafield>
  <datafield tag="GPN" ind1="1" ind2=" ">
    <subfield code="a">Shamisso, Adal&apos;bert fon</subfield>
    <subfield code="d">1781-1838</subfield>
    <subfield code="A">GND</subfield>
    <subfield code="B">GND-118520040</subfield>
    <subfield code="C">400</subfield>
  </datafield>
  <datafield tag="GPN" ind1="1" ind2=" ">
    <subfield code="9">U:Kore</subfield>
    <subfield code="a">&#4361;&#4451;&#4358;&#4469;&#4361;&#4457;, &#4363;&#4449;&#4355;&#4454;&#4527;&#4359;&#4454;&#4357;&#4467;&#4368;&#4467; &#4369;&#4457;&#4523;</subfield>
    <subfield code="d">1781-1838</subfield>
    <subfield code="5">DE-576</subfield>
    <subfield code="A">GND</subfield>
    <subfield code="B">GND-118520040</subfield>
    <subfield code="C">400</subfield>
  </datafield>
  <datafield tag="GPN" ind1="1" ind2=" ">
    <subfield code="9">U:Hebr</subfield>
    <subfield code="a">&#1513;&#1488;&#1502;&#1497;&#1505;&#1493;, &#1488;&#1491;&#1500;&#1489;&#1512;&#1496; &#1508;&#1493;&#1503;</subfield>
    <subfield code="d">1781-1838</subfield>
    <subfield code="5">DE-576</subfield>
    <subfield code="A">GND</subfield>
    <subfield code="B">GND-118520040</subfield>
    <subfield code="C">400</subfield>
  </datafield>
  <datafield tag="GPN" ind1="1" ind2=" ">
    <subfield code="9">U:Hebr</subfield>
    <subfield code="a">&#1513;&#1502;&#1497;&#1505;&#1493;, &#1488;&#1491;&#1500;&#1489;&#1512;&#1496; &#1508;&#1493;&#1503;</subfield>
    <subfield code="d">1781-1838</subfield>
    <subfield code="5">DE-576</subfield>
    <subfield code="A">GND</subfield>
    <subfield code="B">GND-118520040</subfield>
    <subfield code="C">400</subfield>
  </datafield>
  <datafield tag="GPN" ind1="0" ind2=" ">
    <subfield code="9">U:Jpan</subfield>
    <subfield code="a">&#12471;&#12515;&#12511;&#12483;&#12477;&#12540;</subfield>
    <subfield code="d">1781-1838</subfield>
    <subfield code="5">DE-576</subfield>
    <subfield code="A">GND</subfield>
    <subfield code="B">GND-118520040</subfield>
    <subfield code="C">400</subfield>
  </datafield>
  <datafield tag="GPN" ind1="1" ind2=" ">
    <subfield code="9">U:Cyrl</subfield>
    <subfield code="9">L:rus</subfield>
    <subfield code="a">&#1064;&#1072;&#1084;&#1080;&#1089;&#1089;&#1086;, &#1040;&#1076;&#1077;&#1083;&#1100;&#1073;&#1077;&#1088;&#1090; &lt;&lt;&#1092;&#1086;&#1085;&gt;&gt;</subfield>
    <subfield code="d">1781-1838</subfield>
    <subfield code="A">GND</subfield>
    <subfield code="B">GND-118520040</subfield>
    <subfield code="C">400</subfield>
  </datafield>
  <datafield tag="GSI" ind1="7" ind2=" ">
    <subfield code="a">http://d-nb.info/gnd/118520040</subfield>
    <subfield code="2">uri</subfield>
    <subfield code="A">GND</subfield>
    <subfield code="B">GND-118520040</subfield>
    <subfield code="C">024</subfield>
  </datafield>
  <datafield tag="GPN" ind1="1" ind2=" ">
    <subfield code="a">Bartels-Weimar, Adolf</subfield>
    <subfield code="d">1862-1945</subfield>
    <subfield code="A">GND</subfield>
    <subfield code="B">GND-118652702</subfield>
    <subfield code="C">400</subfield>
  </datafield>
  <datafield tag="GSI" ind1="7" ind2=" ">
    <subfield code="a">118652702</subfield>
    <subfield code="0">http://d-nb.info/gnd/118652702</subfield>
    <subfield code="2">gnd</subfield>
    <subfield code="A">GND</subfield>
    <subfield code="B">GND-118652702</subfield>
    <subfield code="C">024</subfield>
  </datafield>
</record>